<?xml version="1.0" encoding="UTF-8"?><collection xmlns="http://www.loc.gov/MARC21/slim"><record><leader>00277nam--2200109-i-4500</leader><controlfield tag="001">000045203</controlfield><controlfield tag="002">20161230</controlfield><controlfield tag="005">20161230201044</controlfield><controlfield tag="008">060222s1000------------r-----000-0-eng-d</controlfield><datafield ind1=" " ind2=" " tag="245"><subfield code="a">Technique of organic chemistry.vol.iv:distillation</subfield></datafield><datafield ind1=" " ind2=" " tag="260"><subfield code="a">New York, Interscience</subfield></datafield><datafield ind1=" " ind2=" " tag="852"><subfield code="a">12776</subfield></datafield></record></collection>